@inproceedings{ether,
  title={Ether: Malware Analysis via Hardware Virtualization Extensions},
  author={Dinaburg, Artem and Royal, Paul and Sharif, Monirul and Lee, Wenke},
  booktitle={Proceedings of the 15th ACM conference on Computer and communications security},
  pages={51--62},
  year={2008},
  organization={ACM}
}

@inproceedings{nether,
  title={{nEther}: In-guest Detection of Out-of-the-guest Malware Analyzers},
  author={P{\'e}k, G{\'a}bor and Bencs{\'a}th, Boldizs{\'a}r and Butty{\'a}n, Levente},
  booktitle={Proceedings of the Fourth European Workshop on System Security},
  pages={3},
  year={2011},
  organization={ACM}
}

@inproceedings{raffetseder2007,
  title={Detecting system emulators},
  author={Raffetseder, Thomas and Kruegel, Christopher and Kirda, Engin},
  booktitle={International Conference on Information Security},
  pages={1--18},
  year={2007},
  organization={Springer}
}

@article{thompson,
  title={Virtualization detection: New strategies and their effectiveness},
  author={Thompson, Christopher and Huntley, Maria and Link, Chad},
  journal={University of Minnesota.(unpublished)}
}

@article{ferrie2007,
  title={Attacks on more virtual machine emulators},
  author={Ferrie, Peter},
  journal={Symantec Technology Exchange},
  volume={55},
  year={2007}
}

@inproceedings{garfinkel2007,
  title={Compatibility Is Not Transparency: VMM Detection Myths and Realities.},
  author={Garfinkel, Tal and Adams, Keith and Warfield, Andrew and Franklin, Jason},
  booktitle={HotOS},
  year={2007}
}

@inproceedings{kang2009,
  title={Emulating emulation-resistant malware},
  author={Kang, Min Gyung and Yin, Heng and Hanna, Steve and McCamant, Stephen and Song, Dawn},
  booktitle={Proceedings of the 1st ACM workshop on Virtual machine security},
  pages={11--22},
  year={2009},
  organization={ACM}
}

@incollection{franklin2008,
  title={Towards sound detection of virtual machines},
  author={Franklin, Jason and Luk, Mark and McCune, Jonathan M and Seshadri, Arvind and Perrig, Adrian and van Doorn, Leendert},
  booktitle={Botnet Detection},
  pages={89--116},
  year={2008},
  publisher={Springer}
}

@article{bluepill,
  title={Kernel for Fun and Profit},
  author={Vista, Subverting},
  journal={Joanna Rutkowska, Advanced Malware Labs, COESEINC,{\copyright} SyScan},
  volume={6}
}

@article{vitriol,
  title={Hardware virtualization rootkits},
  author={Dai Zovi, Dino},
  journal={BlackHat Briefings USA},
  year={2006}
}
