@inproceedings{ether,
  title={Ether: Malware Analysis via Hardware Virtualization Extensions},
  author={Dinaburg, Artem and Royal, Paul and Sharif, Monirul and Lee, Wenke},
  booktitle={Proceedings of the 15th ACM conference on Computer and communications security},
  pages={51--62},
  year={2008},
  organization={ACM}
}

@inproceedings{nether,
  title={{nEther}: In-guest Detection of Out-of-the-guest Malware Analyzers},
  author={P{\'e}k, G{\'a}bor and Bencs{\'a}th, Boldizs{\'a}r and Butty{\'a}n, Levente},
  booktitle={Proceedings of the Fourth European Workshop on System Security},
  pages={3},
  year={2011},
  organization={ACM}
}

@inproceedings{raffetseder2007,
  title={Detecting system emulators},
  author={Raffetseder, Thomas and Kruegel, Christopher and Kirda, Engin},
  booktitle={International Conference on Information Security},
  pages={1--18},
  year={2007},
  organization={Springer}
}

@article{thompson,
  title={Virtualization detection: New strategies and their effectiveness},
  author={Thompson, Christopher and Huntley, Maria and Link, Chad},
  journal={University of Minnesota.(unpublished)}
}

@article{ferrie2007,
  title={Attacks on more virtual machine emulators},
  author={Ferrie, Peter},
  journal={Symantec Technology Exchange},
  volume={55},
  year={2007}
}

@inproceedings{garfinkel2007,
  title={Compatibility Is Not Transparency: VMM Detection Myths and Realities.},
  author={Garfinkel, Tal and Adams, Keith and Warfield, Andrew and Franklin, Jason},
  booktitle={HotOS},
  year={2007}
}
